@ARTICLE{2018arXiv180908078G,
       author = {{Graur}, Or},
        title = "{The Harvard Science Research Mentoring Program}",
      journal = {arXiv e-prints},
     keywords = {Physics - Physics Education, Astrophysics - Instrumentation and Methods for Astrophysics},
         year = "2018",
        month = "Aug",
          eid = {arXiv:1809.08078},
        pages = {arXiv:1809.08078},
archivePrefix = {arXiv},
       eprint = {1809.08078},
 primaryClass = {physics.ed-ph},
       adsurl = {https://ui.adsabs.harvard.edu/abs/2018arXiv180908078G},
      adsnote = {Provided by the SAO/NASA Astrophysics Data System}
}